@ONLINE {Burner,
    author = "Flinn Scientific",
    title  = "Percent Water in a Hydrate",
     note = {Note: [This is not the exact reference, the image was taken from a PDF that was supplied as part of this assignment, it is from the Percent Water in a Hydrate lab packet from Flinn Scientific.]},
    url    = "https://www.flinnsci.com"

}